@ARTICLE{bowman:reasoning,
	AUTHOR = "Mic Bowman and Saumya K. Debray and Larry L. Peterson",
	TITLE = "Reasoning About Naming Systems",
	VOLUME = {15},
	JOURNAL = "ACM Trans. Program. Lang. Syst.",
	NUMBER = {5},
	PAGES = {795-825},
	MONTH = "November",
	YEAR = {1993}	}

@ARTICLE{braams:babel,
	AUTHOR = "Johannes Braams",
	TITLE = "Babel, a Multilingual Style-Option System for Use with LaTeX's Standard Document Styles",
	JOURNAL = {TUGboat},
	VOLUME = {12},
	NUMBER = {2},
	PAGES = {291-301},
	MONTH = "June",
	YEAR = {1991}	}

@INPROCEEDINGS{clark:pct,
	AUTHOR = "Malcolm Clark",
	TITLE = "Post Congress Tristesse",
	BOOKTITLE = "TeX90 Conference Proceedings",
	PAGES = "84-89",
	ORGANIZATION = "TeX Users Group",
	MONTH = "March", 
	YEAR = {1991}	}

@ARTICLE{herlihy:methodology,
	AUTHOR = "Maurice Herlihy",
	TITLE = "A Methodology for Implementing Highly Concurrent
	Data Objects",
	JOURNAL = {ACM Trans. Program. Lang. Syst.},
	VOLUME = {15},
	NUMBER = {5},
	PAGES = {745-770},
	MONTH = "November",
	YEAR = {1993}	}

@BOOK{Lamport:LaTeX,
	AUTHOR = "Leslie Lamport",
	TITLE = "LaTeX User's Guide and Document Reference Manual",
	PUBLISHER = "Addison-Wesley Publishing Company",
	ADDRESS = "Reading, Massachusetts",
	YEAR = "1986"	}

@BOOK{salas:calculus,
	AUTHOR = "S.L. Salas and Einar Hille",
	TITLE = "Calculus: One and Several Variable",
	PUBLISHER = "John Wiley and Sons",
	ADDRESS = "New York",
	YEAR = "1978"	}


@INPROCEEDINGS{Lou:ASE:2013,
	author = {J.-G. Lou and Q. Lin and R. Ding and Q. Fu and D. Zhang and T. Xie},
	    title = {Software Analytics for Incident Management of Online Services: An Experience Report},
	    booktitle = {ASE},
	    year = {2013},
	ORGANIZATION = "ACM",
	MONTH = "November",
	location={Mountain View, California}, 
	}

@inproceedings{Fu:SRDS:2012,
     author = {Qiang Fu and Jian-Guang Lou and Qing-Wei Lin and Rui Ding and Zihao Ye and Dongmei Zhang and Tao Xie},
     title = {Performance Issue Diagnosis for Online Service Systems},
     booktitle = {SRDS},
     month = {October},
     year = {2012}, 
     location = {Irvine, California},
    url = {http://www.cs.illinois.edu/homes/taoxie/publications/srds12-performance.pdf}, 
 }

@INPROCEEDINGS{Cannon:ITIL:2009,
    author = {D. Cannon and David Wheeldon},
    title = {The Stationery Office},
    booktitle = {ITIL Service Operation},
    year = {2009},
}


@INPROCEEDINGS{Xie:GLOBECOM:2001,
    author = {W. Xie and H.R. Sun and Y.H. Cao and  K.S. Trivedi},
    title = {Modeling of Online Service Availability Perceived by Web Users},
    booktitle = {Proc. GLOBECOM},
    year = {2001},
}

@INPROCEEDINGS{Cohen:SOSP:2005,
    author = {I. Cohen and S. Zhang and M. Goldszmidt and J. Symons and T. Kelly and and A. Fox},
    title = {Capturing, indexing, clustering, and retrieving system history},
    booktitle = {Proc. SOSP},
    year = {2005},
    pages = {105--118},
}

@INPROCEEDINGS{Liu:FSE:2005,
    author = {C. Liu and X.F. Yan and L. Fei and J.W. Han and S.P. Midkiff},
    title = {SOBER: statistical model-based bug localization},
    booktitle = {Proc. ESEC/FSE},
    year = {2005},
    pages = {286--295},
}

@inproceedings{Sun:ICSE:2010,
   author              = {Chengnian Sun and
                          David Lo and
                          Xiaoyin Wang and
                          Jing Jiang and
                          Siau-Cheng Khoo},
   title               = {A discriminative model approach for accurate duplicate bug report retrieval},
   booktitle           = {Proc. ICSE},
   year                = {2010},
   pages               = {45-54},
}



@inproceedings{Cohen:OSDI:2004,
   author              = {Ira Cohen and
                          Jeffrey S. Chase and
                          	Moises Goldszmidt	 and
                          Terence Kelly and
                          Julie Symons},
   title               = {Correlating Instrumentation Data to System States: A Building Block for Automated Diagnosis and Control},
   booktitle           = {OSDI},
   year                = {2004},
   pages               = {231-244},
}

@inproceedings{Bodik:EUROSYS:2010,
   author              = {Peter Bodik and
                          	Moises Goldszmidt	 and
                          Armando Fox and
                          Dawn B. Woodard and
                          Hans Andersen},
   title               = {Fingerprinting the datacenter: automated classification of performance crises},
   booktitle           = {Proc. EuroSys},
   year                = {2010},
   pages               = {111-124},
}

@inproceedings{Yuan:EUROSYS:2006,
   author              = {Chun Yuan and
                          Ni Lao and
                          Ji-Rong Wen and
                          Jiwei Li and
                          Zheng Zhang and
                          Yi-Min Wang and
                          Wei-Ying Ma},
   title               = {Automated known problem diagnosis with event traces},
   booktitle           = {EuroSys},
   year                = {2006},
   pages               = {375-388},
   ee                  = {http://doi.acm.org/10.1145/1217935.1217972},
   crossref            = {2006},
}

@inproceedings{Ding:ASE:2012,
   author              = {Rui Ding and
                          Qiang Fu and
                          Jian-Guang Lou and
                          Qingwei Lin and
                          Dongmei Zhang and
                          Jiajun Shen and
                          Tao Xie},
   title               = {Healing online service systems via mining historical issue repositories},
   booktitle           = {Proc. ASE},
   year                = {2012},
   pages               = {318-321},
}

@inproceedings{Lou:ATC:2010,
    author = {J.G. Lou and Q. Fu and S.Q. Yang and Y. Xu and J. Li},
    title = {Mining invariants from console logs for system problem detection},
    booktitle = {Proc. USENIX ATC},
    year = {2010},
    pages = {24-24},
}

@inproceedings{Ashok:FSE:2009,
   author              = {B. Ashok and
                          Joseph M. Joy and
                          Hongkang Liang and
                          Sriram K. Rajamani and
                          Gopal Srinivasa and
                          Vipindeep Vangala},
   title               = {DebugAdvisor: a recommender system for debugging},
   booktitle           = {Proc. ESEC/FSE},
   year                = {2009},
   pages               = {373-382},
}

@inproceedings{Podgurski:ICSE:2003,
   author              = {Andy Podgurski and
                          David Leon and
                          Patrick Francis and
                          Wes Masri and
                          Melinda Minch and
                          Jiayang Sun and
                          Bin Wang},
   title               = {Automated Support for Classifying Software Failure Reports},
   booktitle           = {Proc. ICSE},
   year                = {2003},
   pages               = {465-477},
}

@misc{Wiki:FCA,
    title = {Formal Concept Analysis (online)},
    month = May,
    year = {2009},
    howpublished = {\url{http://en.wikipedia.org/wiki/Formal\_concept\_analysis}},
}

@inproceedings{Long:SRDS:1995,
   author              = {Darrell D. E. Long and
                          Andrew Muir and
                          Richard A. Golding},
   title               = {A Longitudinal Survey of Internet Host Reliability},
   booktitle           = {Proc. SRDS},
   year                = {1995},
   pages               = {2-9},
}

@misc{Wiki:ICM,
    title = {Incident Management},
    month = Nov,
    year = {2013},
    howpublished = {\url{http://en.wikipedia.org/wiki/Incident_management}},
}

@inproceedings{Dickinson:ICSE:2001,
   author              = {William Dickinson and
                          David Leon and
                          Andy Podgurski},
   title               = {Finding Failures by Cluster Analysis of Execution Profiles},
   booktitle           = {Proc. ICSE},
   year                = {2001},
   pages               = {339-348},
}

@inproceedings{Brun:ICSE:2004,
   author              = {Yuriy Brun and
                          Michael D. Ernst},
   title               = {Finding Latent Code Errors via Machine Learning over Program Executions},
   booktitle           = {Proc. ICSE},
   year                = {2004},
   pages               = {480-490},
}

@inproceedings{Huang:TR:2006,
    author = {Chengdu Huang and Ira Cohen and Julie Symons and Tarek Abdelzaher},
    title = {Achieving scalable automated diagnosis of distributed systems performance problems},
    booktitle = {Technical Report, HP},
    year = {2006},
}

@inproceedings{Cellier:ICSE:2008,
    author = {P. Cellier},
    title = {Formal concept analysis applied to fault localization},
    booktitle = {Proc. ICSE Companion'08},
    year = {2008},
    pages = {991-994},
}

@inproceedings{Vychodil:EMCSR:2008,
    author = {Vychodil V},
    title = {A new algorithm for computing formal concepts},
    booktitle = {Cybernetics and Systems 2008: EMCSR},
    year = {2008},
}

@inproceedings{Carzaniga:FSE:2010,
   author              = {Antonio Carzaniga and
                          Alessandra Gorla and
                          	Nicolo Perino and
                          Mauro Pezze},
   title               = {Automatic workarounds for web applications},
   booktitle           = {Proc. FSE},
   year                = {2010},
   pages               = {237--246},
}

@inproceedings{Chang:ICSE:2009,
   author              = {Herve Chang and
                          Leonardo Mariani and
                          Mauro Pezze},
   title               = {In-field healing of integration problems with COTS components},
   booktitle           = {Proc. ICSE},
   year                = {2009},
   pages               = {166--176},
}

@inproceedings{Denaro:FSE:2009,
   author              = {Giovanni Denaro and
                          Mauro Pezze and
                          Davide Tosi},
   title               = {Ensuring interoperable service-oriented systems through engineered self-healing},
   booktitle           = {Proc. ESEC/FSE},
   year                = {2009},
   pages               = {253-262},
}

@inproceedings{Qin:SOSP:2005,
   author              = {Feng Qin and
                          Joseph Tucek and
                          Jagadeesan Sundaresan and
                          Yuanyuan Zhou},
   title               = {Rx: treating bugs as allergies - a safe method to survive software failures},
   booktitle           = {Proc. SOSP},
   year                = {2005},
   pages               = {235-248},
}

@inproceedings{Candea:AMS:2003,
   author              = {George Candea and
                          Emre Kiciman and
                          Steve Zhang and
                          Pedram Keyani and
                          Armando Fox},
   title               = {JAGR: An Autonomous Self-Recovering Application Server},
   booktitle           = {The 5th International Workshop on Active Middleware Services},
   year                = {2003},
   pages               = {168-178},
}

@inproceedings{Wang:ICSE:2008,
   author              = {Xiaoyin Wang and
                          Lu Zhang and
                          Tao Xie and
                          John Anvik and
                          Jiasu Sun},
   title               = {An approach to detecting duplicate bug reports using natural language and execution information},
   booktitle           = {Proc. ICSE},
   year                = {2008},
   pages               = {461-470},
}



@misc{Wiki:TFIDF,
    title = {Tf*idf},
    month = Mar,
    year = {2013},
    howpublished = {\url{http://en.wikipedia.org/wiki/Tf*idf}},
}

@misc{Wiki:VSM,
    title = {Vector Space Model},
    month = June,
    year = {2013},
    howpublished = {\url{http://en.wikipedia.org/wiki/Vector\_space\_model}},
}


@misc{Liddle:online:2008,
ALTauthor = {J. Liddle},
title = {Amazon found every 100ms of latency cost them 1 % in sales},
howpublished ={\url{http://blog.gigaspaces.com/amazon-foundevery-100ms-of-latency-cost-them-1-in-sales/}},
year = {2008},
}

@misc{Hamilton:online:2009,
author = {J. Hamilton},
title = {The cost of latency},
howpublished = {\url{http://perspectives.mvdirona.com/2009/10/31/TheCostOfLatency.aspx}},
year ={2009},
}

@report{Bahl:TR:2008,
    author = {P. Bahl and P. Barham and R. Black and M. Goldszmidt and R. Isaacs and J. MacCormick and R. Mortier and A. Simma},
    title = {Constellation: Automated Discovery of Service and Host Dependencies in Networked Systems},
    type = {Technical Report},
    number = {MSR-TR-200867},
    institution = {Microsoft Research},
    year = {2008},
    pages={149-158},
}

@inproceedings{Kandula:SIGCOMM:2009,
    author = {S. Kandula and R. Mahajan and P. Verkaik and S. Agarwal and J. Padhye and P. Bahl},
    title = {Detailed Diagnosis in Enterprise Networks},
    booktitle = {Proc. SIGCOMM},
    year = {2009},
    pages={243-254},
}

@inproceedings{Gama:SAC:2006,
author = {J. a. Gama and C. Pinto},
    title = {Discretization from Data Streams: Applications to Histograms and Data Mining},
    booktitle = {Proc. SAC},
    eventtitle = {the 21st ACM symposium on Applied Computing},
    year = {2006},
    pages={622-667},
}

@inproceedings{Breunig:SIGMOD:2000,
    author = {M. M. Breunig and H.-P. Kriegel and R. T. Ng and J. Sander},
    title = {Lof: Identifying Density-based Local Outliers},
    booktitle = {Proc. ACM SIGMOD},
    year = {2000},
    pages={93-104},
}

@inproceedings{Brutlag:LISA:2000,
    author = {J. D. Brutlag},
    title = {Aberrant Behavior Detection in Time Series for Network Monitoring},
    booktitle = {Proc. LISA},
    year = {2000},
    pages={139-146},
}

@article{Lou:OSR:2010,
    author = {J.-G. Lou and Q. Fu and Y. Wang and J. Li},
    title = {Mining Dependency in Distributed Systems through Unstructured Logs Analysis},
    journal = {SIGOPS Operating Systems Review},
    year = {2010},
    pages={91-96},
    volume ={41},
    number = {1},
}

@book{Rotshtein:2012,
author = {Alexander P. Rotshtein and Hanna B. Rakytyanska},
title = {Fuzzy Evidence in Identification, Forecasting and Diagnosis},
year = {2012},
}

@INPROCEEDINGS{Clark:EWSL:1991,
    author = {Peter Clark and Robin Boswell},
    title = {Rule Induction with CN2: Some Recent Improvements},
    booktitle = {Proc. European Working Session on Learning EWSL-91},
    year = {1991},
    pages = {151--163},
    publisher = {Springer-Verlag},
}

@INPROCEEDINGS{Mahimkar:SIGCOMM:2009,
    author = {Ajay Mahimkar and Zihui Ge and Aman Shaikh and Jia Wang and Jennifer Yates and Yin Zhang and Qi Zhao},
    title = {Towards Automated Performance Diagnosis in a Large IPTV Network},
    year = {2009},
    booktitle = {Proc. SIGCOMM},
    pages ={231-242},
    
}

@INPROCEEDINGS{Dias:CIDR:2005,
    author = {K. Dias and R. Mark and S. Uri and V. Venkateshwaran and W. Graham},
    title = {Automatic Performance Diagnosis and Tuning in Oracle},
    year = {2005},
    booktitle = {Proc. CIDR},
}

@INPROCEEDINGS{Fu:ICDM:2009,
    author = {Q. Fu and J.-G. Lou and Y. Wang and J. Li},
    title = {Execution Anomaly Detection in Distributed Systems through Unstructured Log Analysis},
    year = {2009},
    booktitle = {Proc. ICDM},
    pages ={149-158},
    
}

@INPROCEEDINGS{Xu:SOSP:2009,
    author = {W. Xu and L. Huang and A. Fox and D. Patterson and M. I. Jordan},
    title = {Detecting Large-scale System Problems by Mining Console Logs},
    year = {2009},
    booktitle = {Proc. SOSP},
    pages ={117-132},
    
}

@INPROCEEDINGS{Nagaraj:NSDI:2007,
    author = {K. Nagaraj and C. Killian and J. Neville},
    title = {Structured Comparative Analysis of Systems Logs to Diagnose Performance Problems},
    year = {2007},
    booktitle = {Proc. NSDI},
    pages ={271-284},
    
}

@INPROCEEDINGS{Attariyan:OSDI:2012,
    author = {M. Attariyan and M. Chow and J. Flinn},
    title = {X-ray: Automating Root-cause Diagnosis of Performance Anomalies in Production Software},
    year = {2012},
    booktitle = {Proc. OSDI},
    pages ={307-320},
    
}

@INPROCEEDINGS{Chen:DSN:2002,
    author = {M. Y. Chen and E. Kiciman and E. Fratkin and A. Fox and E. Brewer},
    title = {Pinpoint: Problem Determination in Large, Dynamic Internet Services},
    year = {2002},
    booktitle = {Proc. DSN},
    pages ={595-604},
    
}

@INPROCEEDINGS{Barham:OSDI:2004,
    author = {P. Barham and A. Donnelly and R. Isaacs and R. Mortier},
    title = {Using Magpie for Request Extraction and  Workload Modelling},
    year = {2004},
    booktitle = {Proc. OSDI},
    pages ={259-272},
    
}

@INPROCEEDINGS{Aguilera:SOSP:2003,
    author = {M. K. Aguilera and J. C. Mogul and J. L. Wiener and P. Reyn-olds and A. Muthitacharoen},
    title = {Performance Debugging for Distributed Systems of Black Boxes},
    year = {2003},
    booktitle = {Proc. SOSP},
    pages ={74-89},
    
}

@INPROCEEDINGS{Sambasivan:NSDI:2011,
author={R. R. Sambasivan and A. X. Zheng and M. De Rosa and E. Krevat and S. Whitman and M. Stroucken and W. Wang and L. Xu and G. R. Ganger},
title={Diagnosing Performance Changes by Comparing Request Flows},
booktitle={Proc. NSDI},
year={2011},
}

@INPROCEEDINGS{Tariq:SIGCOMM:2008,
author = {M. Tariq and A. Zeitoun and V. Valancius and N. Feamster and M. Ammar}, 
title= {Answering What-if Deployment and Configuration Questions with wise},
booktitle={Proc. ACM SIGCOMM},
year ={2008}, 
pages={99–110},
}

@INPROCEEDINGS{Chen:OSDI:2008,
author={Xu Chen and Ming Zhang and Z. Morley Mao, Victor Bahl},
title={Automating Network Application Dependency Dis-covery: Experiences, Limitations, and New Solutions},
booktitle ={Proc. OSDI},
year={ 2008},
}

@INPROCEEDINGS{Bahl:SIGCOMM:2007,
author={P. Bahl and R. Chandra and A. Greenberg and S. Kandula and D. A. Maltz and M. Zhang},
title={ Towards highly reliable enter-prise network services via inference of multi-level dependencies},
booktitle={SIGCOMM}, 
year={2007},
}


@misc{TPCW,
author={Wayne D. Smith},
title={TPC-W: Benchmarking An Ecommerce Solution},
howpublished= {\url{http://www.tpc.org/tpcw/tpc-w_wh.pdf}},
}

@article{Amazon:InformatonWeek:2008,
title = {Amazon's S3 cloud service turns into a puff of smoke},
journal = {Information Week}, 
month = {Aug},
year={ 2008},
}

@article{Hoover:InformationWeek:2008,
author = {J. N. Hoover},
title = {Outages force cloud computing users to rethink tactics},
journal = {Information Week}, 
month = {Aug},
year={ 2008},
}

@INPROCEEDINGS{Tian:PDPTA:2010,
author = {Guanhua Tian and Jianfeng Zhan and Chao Ren and Dan Meng}, 
title = {A Case Study for SOA System Rejuvenation},
booktitle={Proc. PDPTA},
year ={2010},
pages = {97--103},
}

@INPROCEEDINGS{Zhou:NPC:2010,
title= {Online Event Correlations Analysis in Systems Logs of Large-scale Cluster Systems},
author ={Wei Zhou and Jianfeng Zhan and Dan Meng and Zhihong Zhang},
booktitle = {Proc. NPC},
year = {2010},
}

@INPROCEEDINGS{Yin:SOSP:2011,
author = {Zuoning Yin and Xiao Ma and Jing Zheng and Yuanyuan Zhou and Lakshmi N. Bairavasundaram and Shankar Pasupathy},
title={An Empirical Study on Configuration Errors in Commercial and Open Source Systems},
booktitle = {Proc. SOSP},
month={October},
year ={2011},
}

@inproceedings{Zhu:VLDB:2002,
 author = {Zhu, Yunyue and Shasha, Dennis},
 title = {StatStream: Statistical Monitoring of Thousands of Data Streams in Real Time},
 booktitle = {VLDB},
 year = {2002},
 location = {Hong Kong, China},
 pages = {358--369},
 numpages = {12},
 url = {http://dl.acm.org/citation.cfm?id=1287369.1287401},
 acmid = {1287401},
 publisher = {VLDB Endowment},
} 

@misc{Spearman:Wiki,
title={Spearman's rank correlation coefficient},
howpublished= {\url{http://en.wikipedia.org/wiki/Spearman%27s_rank_correlation_coefficient}},
}

@book{Lehman:SAS:2005,
  title={Fundamentals of biostatistics},
  author={Rosner, Bernard},
  year={2010},
  publisher={Cengage Learning}
}


@article{nagelkerke1991note,
  title={Statistical power analysis for the behavioral sciences},
  author={Cohen, Jacob},
  year={1988},
  publisher={Psychology Press}
}

@INPROCEEDINGS{Gretton07akernel,
  title={A kernel method for the two-sample-problem},
  author={Gretton, Arthur and Borgwardt, Karsten M and Rasch, Malte and Sch{\"o}lkopf, Bernhard and Smola, Alexander J},
  journal={Advances in neural information processing systems},
  volume={19},
  pages={513},
  year={2007},
  publisher={MIT; 1998}
}

@article{mann1947test,
  title={On a test of whether one of two random variables is stochastically larger than the other},
  author={Mann, Henry B and Whitney, Donald R},
  journal={The annals of mathematical statistics},
  volume={18},
  number={1},
  pages={50--60},
  year={1947},
  publisher={Institute of Mathematical Statistics}
}

@article{schilling1986multivariate,
  title={Multivariate two-sample tests based on nearest neighbors},
  author={Schilling, Mark F},
  journal={Journal of the American Statistical Association},
  volume={81},
  number={395},
  pages={799--806},
  year={1986},
  publisher={Taylor \& Francis},
}

@inproceedings{berndt1994using,
  author = {Donald J. Berndt and James Clifford},
  title = {Using Dynamic Time Warping to Find Patterns in Time Series},
  booktitle = {Knowledge Discovery and Data Mining},
  year = {1994},
  pages = {359--370},
}

@inproceedings{chen2013dtw,
  title={DTW-D: time series semi-supervised learning from a single example},
  author={Chen, Yanping and Hu, Bing and Keogh, Eamonn and Batista, Gustavo EAPA},
  booktitle={KDD},
  pages={383--391},
  year={2013},
  organization={ACM}
}

@book{hamilton1994time,
  title={Time series analysis},
  author={Hamilton, James Douglas},
  volume={2},
  year={1994},
  publisher={Princeton university press Princeton}
}

@book{Pearl:Book:2000,
title={Causality: Models, Reasoning, and Inference},
publisher = {Cambridge University Press},
year = {2000},
author = {J. Pearl},
}

@article{VanderWeele:Stat:2010,
  title={Signed Directed Acyclic Graphs for Causal Inference},
  author={Tyler J. VanderWeele and James M. Robins},
  journal={Journal of the Royal Statistical Society},
  volume={72},
  number={1},
  pages={111--127},
  year={2010},
  publisher={Royal Statistical Society},
}

@misc{FalseErrorRate:Wiki,
title={Type I and type II errors},
howpublished= {\url{http://en.wikipedia.org/wiki/Type_I_and_type_II_errors}},
}

@book{johnson2002applied,
  title={Applied multivariate statistical analysis},
  author={Johnson, Richard Arnold and Wichern, Dean W},
  year={2007},
  publisher={Pearson}
}

@article{porter1995correlation,
  author = {Stephen C. Porter and An Zhisheng},
  title = {Correlation between climate events in the North Atlantic and China during the last glaciation},
  journal = {Nature},
  volume = {375},
  year = {1995},
  pages = {305--308},
  issue = {6529},
}

@inproceedings{wu2010detecting,
  title={Detecting leaders from correlated time series},
  author={Wu, Di and Ke, Yiping and Yu, Jeffrey Xu and Philip, S Yu and Chen, Lei},
  booktitle={Database Systems for Advanced Applications},
  pages={352--367},
  year={2010},
  organization={Springer}
}

@inproceedings{papadimitriou2006local,
  title={Local correlation tracking in time series},
  author={Papadimitriou, Spiros and Sun, Jimeng and Yu, Philip S},
  booktitle={Data Mining, 2006. ICDM'06. Sixth International Conference on},
  pages={456--465},
  year={2006},
  organization={IEEE}
}

@inproceedings{sakurai2005braid,
  title={Braid: Stream mining through group lag correlations},
  author={Sakurai, Yasushi and Papadimitriou, Spiros and Faloutsos, Christos},
  booktitle={Proceedings of the 2005 ACM SIGMOD international conference on Management of data},
  pages={599--610},
  year={2005},
  organization={ACM}
}

@article{ding2008querying,
  title={Querying and mining of time series data: experimental comparison of representations and distance measures},
  author={Ding, Hui and Trajcevski, Goce and Scheuermann, Peter and Wang, Xiaoyue and Keogh, Eamonn},
  journal={Proceedings of the VLDB Endowment},
  volume={1},
  number={2},
  pages={1542--1552},
  year={2008},
  publisher={VLDB Endowment}
}

@book{han2006data,
  title={Data mining: concepts and techniques},
  author={Han, Jiawei and Kamber, Micheline and Pei, Jian},
  year={2006},
  publisher={Morgan kaufmann}
}

@inproceedings{lou2010mining,
  title={Mining program workflow from interleaved traces},
  author={Lou, Jian-Guang and Fu, Qiang and Yang, Shengqi and Li, Jiang and Wu, Bin},
  booktitle={KDD},
  pages={613--622},
  year={2010},
  organization={ACM}
}

@article{motahari2011event,
  title={Event correlation for process discovery from web service interaction logs},
  author={Motahari-Nezhad, Hamid Reza and Saint-Paul, Regis and Casati, Fabio and Benatallah, Boualem},
  journal={VLDBJ},
  volume={20},
  number={3},
  pages={417--444},
  year={2011},
  publisher={Springer-Verlag New York, Inc.}
}

@inproceedings{rozsnyai2011discovering,
  title={Discovering event correlation rules for semi-structured business processes},
  author={Rozsnyai, Szabolcs and Slominski, Aleksander and Lakshmanan, Geetika T},
  booktitle={Proceedings of the 5th ACM international conference on Distributed event-based system},
  pages={75--86},
  year={2011},
  organization={ACM}
}

@inproceedings{gruschke1998integrated,
  title={Integrated event management: Event correlation using dependency graphs},
  author={Gruschke, Boris and others},
  booktitle={Proc. DSOM 98},
  pages={130--141},
  year={1998}
}

@article{rosenbaum2005exact,
  title={An exact distribution-free test comparing two multivariate distributions based on adjacency},
  author={Rosenbaum, Paul R},
  journal={Journal of the Royal Statistical Society: Series B (Statistical Methodology)},
  volume={67},
  number={4},
  pages={515--530},
  year={2005},
  publisher={Wiley Online Library}
}

@inproceedings{sejdinovic2012hypothesis,
  title={Hypothesis testing using pairwise distances and associated kernels},
  author={Sejdinovic, Dino and Gretton, Arthur and Fukumizu, Kenji and Sriperumbudur, Bharath K},
  booktitle={ICML-12},
  pages={1111--1118},
  year={2012}
}

@article{powers2011evaluation,
  title={Evaluation: from precision, recall and F-measure to ROC, informedness, markedness \& correlation},
  author={Powers, David MW},
  journal={JMLT},
  volume={2},
  number={1},
  pages={37--63},
  year={2011}
}

@book{piateski1991knowledge,
  title={Knowledge discovery in databases},
  author={Piateski, Gregory and Frawley, William},
  year={1991},
  publisher={MIT press}
}

@article{kandula2008s,
  title={What's going on? learning communication rules in edge networks},
  author={Kandula, Srikanth and Chandra, Ranveer and Katabi, Dina},
  journal={SIGCOMM},
  volume={38},
  number={4},
  pages={87--98},
  year={2008},
  publisher={ACM}
}

@book{basseville1993detection,
  title={Detection of abrupt changes: theory and application},
  author={Basseville, Mich{\`e}le and Nikiforov, Igor V and others},
  volume={104},
  year={1993},
  publisher={Prentice Hall Englewood Cliffs}
}

@misc{UCRArchive,
title={The UCR Time Series Classification Archive},
author={ Chen, Yanping and Keogh, Eamonn and Hu, Bing and Begum, Nurjahan and Bagnall, Anthony and Mueen, Abdullah and Batista, Gustavo},
year={2015},
month={July},
note = {\url{www.cs.ucr.edu/~eamonn/time_series_data/}}
}

@inproceedings{luo2014correlating,
  title={Correlating events with time series for incident diagnosis},
  author={Luo, Chen and Lou, Jian-Guang and Lin, Qingwei and Fu, Qiang and Ding, Rui and Zhang, Dongmei and Wang, Zhe},
  booktitle={Proceedings of the 20th ACM SIGKDD international conference on Knowledge discovery and data mining},
  pages={1583--1592},
  year={2014},
  organization={ACM}
}

@inproceedings{lou2013software,
  title={Software analytics for incident management of online services: An experience report},
  author={Lou, Jian-Guang and Lin, Qingwei and Ding, Rui and Fu, Qiang and Zhang, Dongmei and Xie, Tao},
  booktitle={Automated Software Engineering (ASE), 2013 IEEE/ACM 28th International Conference on},
  pages={475--485},
  year={2013},
  organization={IEEE}
}

@article{kohler2005comparison,
  title={A comparison of denoising methods for one dimensional time series},
  author={Kohler, T and Lorenz, Dirk},
  journal={Bremen, Germany, University of Bremen},
  volume={131},
  year={2005}
}

@inproceedings{shokoohi2015discovery,
  title={Discovery of Meaningful Rules in Time Series},
  author={Shokoohi-Yekta, Mohammad and Chen, Yanping and Campana, Bilson and Hu, Bing and Zakaria, Jesin and Keogh, Eamonn},
  booktitle={Proceedings of the 21th ACM SIGKDD International Conference on Knowledge Discovery and Data Mining},
  pages={1085--1094},
  year={2015},
  organization={ACM}
}

@inproceedings{nguyen2008fast,
  title={Fast correlation analysis on time series datasets},
  author={Nguyen, Philon and Shiri, Nematollaah},
  booktitle={Proceedings of the 17th ACM conference on Information and knowledge management},
  pages={787--796},
  year={2008},
  organization={ACM}
}

@book{pearson1904mathematical,
  title={Mathematical contributions to the theory of evolution},
  author={Pearson, Karl},
  volume={13},
  year={1904},
  publisher={Dulau and co.}
}

@inproceedings{berndt1994using,
  title={Using Dynamic Time Warping to Find Patterns in Time Series.},
  author={Berndt, Donald J and Clifford, James},
  booktitle={KDD workshop},
  volume={10},
  number={16},
  pages={359--370},
  year={1994},
  organization={Seattle, WA}
}

@inproceedings{chen2013dtw,
  title={Dtw-d: time series semi-supervised learning from a single example},
  author={Chen, Yanping and Hu, Bing and Keogh, Eamonn and Batista, Gustavo EAPA},
  booktitle={Proceedings of the 19th ACM SIGKDD international conference on Knowledge discovery and data mining},
  pages={383--391},
  year={2013},
  organization={ACM}
}

@article{pearl2003causality,
  title={Causality: models, reasoning, and inference},
  author={Pearl, Judea},
  journal={Econometric Theory},
  volume={19},
  pages={675--685},
  year={2003},
  publisher={Cambridge Univ Press}
}

@book{han2011data,
  title={Data mining: concepts and techniques: concepts and techniques},
  author={Han, Jiawei and Kamber, Micheline and Pei, Jian},
  year={2011},
  publisher={Elsevier}
}

@article{muller2007dynamic,
  title={Dynamic time warping},
  author={M{\"u}ller, Meinard},
  journal={Information retrieval for music and motion},
  pages={69--84},
  year={2007},
  publisher={Springer}
}

@article{kendall1938new,
  title={A new measure of rank correlation},
  author={Kendall, Maurice G},
  journal={Biometrika},
  pages={81--93},
  year={1938},
  publisher={JSTOR}
}

@article{pirie1988spearman,
  title={Spearman rank correlation coefficient},
  author={Pirie, W},
  journal={Encyclopedia of statistical sciences},
  year={1988},
  publisher={Wiley Online Library}
}

@article{rabiner1993fundamentals,
  title={Fundamentals of speech recognition},
  author={Rabiner, Lawrence and Juang, Biing-Hwang},
  year={1993},
  publisher={Prentice hall}
}

@article{yang2002detecting,
  title={Detecting faces in images: A survey},
  author={Yang, Ming-Hsuan and Kriegman, David J and Ahuja, Narendra},
  journal={Pattern Analysis and Machine Intelligence, IEEE Transactions on},
  volume={24},
  number={1},
  pages={34--58},
  year={2002},
  publisher={IEEE}
}

@book{sonka2014image,
  title={Image processing, analysis, and machine vision},
  author={Sonka, Milan and Hlavac, Vaclav and Boyle, Roger},
  year={2014},
  publisher={Cengage Learning}
}

@inproceedings{luo2014correlating,
  title={Correlating events with time series for incident diagnosis},
  author={Luo, Chen and Lou, Jian-Guang and Lin, Qingwei and Fu, Qiang and Ding, Rui and Zhang, Dongmei and Wang, Zhe},
  booktitle={Proceedings of the 20th ACM SIGKDD international conference on Knowledge discovery and data mining},
  pages={1583--1592},
  year={2014},
  organization={ACM}
}

@book{mount2001bioinformatics,
  title={Bioinformatics: sequence and genome analysis},
  author={Mount, David W and Mount, David W},
  volume={2},
  year={2001},
  publisher={Cold spring harbor laboratory press New York:}
}

@inproceedings{sun2014querying,
  title={Querying sequential software engineering data},
  author={Sun, Chengnian and Zhang, Haidong and Lou, Jian-Guang and Zhang, Hongyu and Wang, Qiang and Zhang, Dongmei and Khoo, Siau-Cheng},
  booktitle={Proceedings of the 22nd ACM SIGSOFT International Symposium on Foundations of Software Engineering},
  pages={700--710},
  year={2014},
  organization={ACM}
}

@article{adhianto2010hpctoolkit,
  title={HPCToolkit: Tools for performance analysis of optimized parallel programs},
  author={Adhianto, Laksono and Banerjee, Sinchan and Fagan, Mike and Krentel, Mark and Marin, Gabriel and Mellor-Crummey, John and Tallent, Nathan R},
  journal={Concurrency and Computation: Practice and Experience},
  volume={22},
  number={6},
  pages={685--701},
  year={2010},
  publisher={Wiley Online Library}
}

@inproceedings{mccurdy2010memphis,
  title={Memphis: Finding and fixing NUMA-related performance problems on multi-core platforms},
  author={McCurdy, Collin and Vetter, Jeffrey},
  booktitle={Performance Analysis of Systems \& Software (ISPASS), 2010 IEEE International Symposium on},
  pages={87--96},
  year={2010},
  organization={IEEE}
}

@inproceedings{tallent2009effective,
  title={Effective performance measurement and analysis of multithreaded applications},
  author={Tallent, Nathan R and Mellor-Crummey, John M},
  booktitle={ACM Sigplan Notices},
  volume={44},
  number={4},
  pages={229--240},
  year={2009},
  organization={ACM}
}

@article{liu2013change,
  title={Change-point detection in time-series data by relative density-ratio estimation},
  author={Liu, Song and Yamada, Makoto and Collier, Nigel and Sugiyama, Masashi},
  journal={Neural Networks},
  volume={43},
  pages={72--83},
  year={2013},
  publisher={Elsevier}
}

@inproceedings{chen2013contextual,
  title={Contextual Time Series Change Detection.},
  author={Chen, Xi C and Steinhaeuser, Karsten and Boriah, Shyam and Chatterjee, Snigdhansu and Kumar, Vipin},
  booktitle={SDM},
  pages={503--511},
  year={2013},
  organization={SIAM}
}

@inproceedings{gretton2006kernel,
  title={A kernel method for the two-sample-problem},
  author={Gretton, Arthur and Borgwardt, Karsten M and Rasch, Malte and Sch{\"o}lkopf, Bernhard and Smola, Alex J},
  booktitle={Advances in neural information processing systems},
  pages={513--520},
  year={2006}
}

@book{moore2007basic,
  title={The basic practice of statistics},
  author={Moore, David S},
  volume={2},
  year={2007},
  publisher={WH Freeman New York}
}

@book{han2011data,
  title={Data mining: concepts and techniques},
  author={Han, Jiawei and Kamber, Micheline and Pei, Jian},
  year={2011},
  publisher={Elsevier}
}

@article{holter1961new,
  title={New Method for Heart Studies Continuous electrocardiography of active subjects over long periods is now practical},
  author={Holter, Norman J},
  journal={Science},
  volume={134},
  number={3486},
  pages={1214--1220},
  year={1961},
  publisher={American Association for the Advancement of Science}
}

@book{tilley1979essentials,
  title={Essentials of canine and feline electrocardiography.},
  author={Tilley, Lawrence P and others},
  year={1979},
  publisher={CV Mosby.}
}

@book{marriott1988practical,
  title={Practical electrocardiography},
  author={Marriott, Henry Joseph Llewellyn and Wagner, Galen S},
  year={1988},
  publisher={Williams \& Wilkins Baltimore}
}


@inproceedings{indyk1998approximate,
  title={Approximate nearest neighbors: towards removing the curse of dimensionality},
  author={Indyk, Piotr and Motwani, Rajeev},
  booktitle={Proceedings of the thirtieth annual ACM symposium on Theory of computing},
  pages={604--613},
  year={1998},
  organization={ACM}
}

@misc{UCRArchive,
title={The UCR Time Series Classification Archive},
author={ Chen, Yanping and Keogh, Eamonn and Hu, Bing and Begum, Nurjahan and Bagnall, Anthony and Mueen, Abdullah and Batista, Gustavo},
year={2015},
month={July},
note = {\url{www.cs.ucr.edu/~eamonn/time_series_data/}}
}

@inproceedings{rakthanmanon2012searching,
  title={Searching and mining trillions of time series subsequences under dynamic time warping},
  author={Rakthanmanon, Thanawin and Campana, Bilson and Mueen, Abdullah and Batista, Gustavo and Westover, Brandon and Zhu, Qiang and Zakaria, Jesin and Keogh, Eamonn},
  booktitle={Proceedings of the 18th ACM SIGKDD international conference on Knowledge discovery and data mining},
  pages={262--270},
  year={2012},
  organization={ACM}
}

@book{basseville1993detection,
  title={Detection of abrupt changes: theory and application},
  author={Basseville, Mich{\`e}le and Nikiforov, Igor V and others},
  volume={104},
  year={1993},
  publisher={Prentice Hall Englewood Cliffs}
}

@article{kadambe1992application,
  title={Application of the wavelet transform for pitch detection of speech signals},
  author={Kadambe, Shubha and Boudreaux-Bartels, Gloria Faye},
  journal={IEEE Transactions on Information Theory},
  volume={38},
  number={2},
  pages={917--924},
  year={1992},
  publisher={Institute of Electrical and Electronics Engineers}
}

@inproceedings{hirano2002mining,
  title={Mining similar temporal patterns in long time-series data and its application to medicine},
  author={Hirano, Shoji and Tsumoto, Shusaku},
  booktitle={Data Mining, 2002. ICDM 2003. Proceedings. 2002 IEEE International Conference on},
  pages={219--226},
  year={2002},
  organization={IEEE}
}

@inproceedings{yamanishi2002unifying,
  title={A unifying framework for detecting outliers and change points from non-stationary time series data},
  author={Yamanishi, Kenji and Takeuchi, Jun-ichi},
  booktitle={Proceedings of the eighth ACM SIGKDD international conference on Knowledge discovery and data mining},
  pages={676--681},
  year={2002},
  organization={ACM}
}

@inproceedings{oates2000method,
  title={A method for clustering the experiences of a mobile robot that accords with human judgments},
  author={Oates, Tim and Schmill, Matthew D and Cohen, Paul R},
  booktitle={AAAI/IAAI},
  pages={846--851},
  year={2000}
}

@inproceedings{caracca2000discovering,
  title={Discovering similar patterns in time series},
  author={Cara{\c{c}}a-Valente, Juan P and L{\'o}pez-Chavarr{\'\i}as, Ignacio},
  booktitle={Proceedings of the sixth ACM SIGKDD international conference on Knowledge discovery and data mining},
  pages={497--505},
  year={2000},
  organization={ACM}
}

@book{mudelsee2013climate,
  title={Climate time series analysis},
  author={Mudelsee, Manfred},
  year={2013},
  publisher={Springer}
}

@book{granger2014forecasting,
  title={Forecasting economic time series},
  author={Granger, Clive William John and Newbold, Paul},
  year={2014},
  publisher={Academic Press}
}